@string{jmlr={Journal of Machine Learning Research}}

@string{aaai={AAAI Press}}
@string{mk={Morgan Kaufmann}}
@string{acm={ACM Press}}

@string{uai97={Proceedings of the {T}hirteenth {C}onference on {U}ncertainty in
  {A}rtificial {I}ntelligence}}
@string{uai99={Proceedings of the {F}ifteenth {C}onference on {U}ncertainty in
  {A}rtificial {I}ntelligence}}
@string{uai08={Proceedings of the {T}wenty-{F}ourth {C}onference on {U}ncertainty
  in {A}rtificial {I}ntelligence}}
@string{mlc99={Proceedings of the {S}ixteenth {I}nternational {C}onference on
  {M}achine {L}earning}}
@string{mlc07={Proceedings of the {T}wenty-{F}ourth {I}nternational
  {C}onference on {M}achine {L}earning}}
@string{ijcai07={Proceedings of the {T}wentieth {I}nternational {J}oint
  {C}onference on {A}rtificial {I}ntelligence}}
@string{aaai11={Proceedings of the {T}wenty-Fifth {N}ational {C}onference on
  {A}rtificial {I}ntelligence}}
@string{nips10={Advances in {N}eural {I}nformation {P}rocessing {S}ystems 23}}
@string{uai12={Proceedings of the {T}wenty-{E}ighth {C}onference on {U}ncertainty
  in {A}rtificial {I}ntelligence}}
@string{mlc14={Proceedings of the {T}hirty-{F}irst {I}nternational
  {C}onference on {M}achine {L}earning}}

@article{besag86,
author={J. Besag},
title={On the statistical analysis of dirty pictures},
journal={Journal of the Royal Statistical Society, Series B},
volume={48},
pages={259-302},
year=1986
}

@inproceedings{chavira&darwiche07, 
  author="M. Chavira and A. Darwiche",
  title="Compiling {B}ayesian Networks Using Variable Elimination",
  booktitle = ijcai07,
  year = 2007,
  pages = "2443--2449"
}

@inproceedings{chickering&al97,
author={D. Chickering and D. Heckerman and C. Meek},
title={A {Bayesian} Approach to Learning Bayesian Networks with Local Structure},
booktitle=uai97,
address={Providence, RI},
pages={80-89},
publisher=mk,
year=1997
}

@article{chow&liu68,
author={C. K. Chow and C. N Liu},
title={Approximating Discrete Probability Distributions with
  Dependence Trees},
journal={{IEEE} Transactions on Information Theory},
year={1968},
volume={14},
pages={462-467}
}

@article{darwiche03,
    author = "A. Darwiche",
    title = "A Differential Approach to Inference in {B}ayesian Networks",
    journal = "Journal of the ACM",
    pages = "280-305",
    volume = "50",
    number = "3",
    year = "2003"
}

@article{friedman&al98,
    author = {Jerome Friedman and Trevor Hastie and Robert Tibshirani},
    title = {Additive Logistic Regression: a Statistical View of Boosting},
    journal = {Annals of Statistics},
    year = {1998},
    volume = {28}
}

@inproceedings{andrew&gao07,
  title={Scalable training of L1-regularized log-linear models},
  author={Andrew, G. and Gao, J.},
  booktitle=mlc07,
  pages={33--40},
  year={2007},
  publisher=acm
}

@article{heckerman&al00,
author={D. Heckerman and D. M. Chickering and C. Meek and R. Rounthwaite
  and C. Kadie},
title={Dependency Networks for Inference, Collaborative Filtering,
  and Data Visualization},
journal=jmlr,
year={2000},
volume={1},
pages={49-75}
}

@book{koller&friedman09,
author={D. Koller and N. Friedman},
title={Probabilistic Graphical Models: Principles and Techniques},
publisher={MIT Press},
address={Cambridge, MA},
year=2009
}

@article{liu&nocedal89,
author={D. C. Liu and J. Nocedal},
title={On the Limited Memory {BFGS} Method for Large Scale Optimization},
journal={Mathematical Programming},
year={1989},
volume={45},
number={3},
pages={503--528},
}

@inproceedings{lowd&domingos08,
author={D. Lowd and P. Domingos},
title={Learning Arithmetic Circuits},
booktitle=uai08,
year={2008},
address={Helsinki, Finland},
publisher={AUAI Press}
}

@inproceedings{lowd&domingos10,
author={D. Lowd and P. Domingos},
title={Approximate Inference by Compilation to Arithmetic Circuits},
booktitle=nips10,
year={2010},
address={Vancouver, BC},
publisher={Curran Associates, Inc.}
}

@inproceedings{lowd&rooshenas13,
  title={Learning {M}arkov Networks with Arithmetic Circuits},
  author={Lowd, D. and Rooshenas, A.},
  booktitle={Proceedings of the Sixteenth International Conference
  on Artificial Intelligence and Statistics (AISTATS 2013)},
  year={2013},
  address={Scottsdale, AZ}
}

@inproceedings{lowd&shamaei11,
author={D. Lowd and A. Shamaei},
title={Mean Field Inference in Dependency Networks: An Empirical Study},
booktitle=aaai11,
year={2011},
address={San Francisco, CA},
publisher=aaai
}

@inproceedings{lowd12,
title={Closed-Form Learning of {M}arkov Networks from Dependency
Networks},
author={Daniel Lowd},
booktitle=uai12,
year={2012},
address={Catalina Island, CA},
publisher={AUAI Press}
}

@inproceedings{meila99,
author={M. Meila},
year=1999,
title={An Accelerated {C}how and {L}iu Algorithm: Fitting
Tree Distributions to High-Dimensional Sparse Data},
booktitle=mlc99,
publisher=mk,
pages={249â€“257}
}

@article{meila&jordan00,
author={M. Meila and M. Jordan},
title={Learning with Mixtures of Trees},
journal=jmlr,
year={2000},
volume={1},
pages={1-48}
}

@inproceedings{murphy&al99,
author={K. Murphy and Y. Weiss and M. Jordan},
title={Loopy Belief Propagation for Approximate Inference: An Empirical Study},
booktitle=uai99,
year={1999},
address={Stockholm, Sweden},
publisher=mk
}

@book{nocedal&wright99,
author={J. Nocedal and S. J. Wright},
title={Numerical Optimization},
publisher={Springer},
year={1999},
address={New York, NY}
}

@inproceedings{poon&domingos11,
author={H. Poon and P. Domingos},
title={Sum-Product Networks: A New Deep Architecture},
booktitle={Proceedings of the Twenty-Seventh Conference on Uncertainty
in Artificial Intelligence (UAI-11)},
year={2011},
address={Barcelona, Spain},
publisher={AUAI Press}
}

@inproceedings{rooshenas&lowd14,
author={A. Rooshenas and D. Lowd},
title={Learning Sum-Product Networks with Direct and Indirect Interactions},
booktitle=mlc14,
year={2014},
address={Beijing, China},
publisher={JMLR: W\&CP 32}
}

@TechReport{WinMine,
  author =       {D. M. Chickering}, 
  title =        {The {WinMine} Toolkit},
  institution =  {Microsoft},
  year =         2002,
  number =       {MSR-TR-2002-103},
  address =      {Redmond, WA}
}
